@article{adamsonNuMINeutrinoBeam2016,
  title = {The {{NuMI Neutrino Beam}}},
  author = {Adamson, P. and Anderson, K. and Andrews, M. and Andrews, R. and Anghel, I. and Augustine, D. and Aurisano, A. and Avvakumov, S. and Ayres, D. S. and Baller, B. and Barish, B. and Barr, G. and Barrett, W. L. and Bernstein, R. H. and Biggs, J. and Bishai, M. and Blake, A. and Bocean, V. and Bock, G. J. and Boehnlein, D. J. and Bogert, D. and Bourkland, K. and Cao, S. V. and Castromonte, C. M. and Childress, S. and Choudhary, B. C. and Coelho, J. A. B. and Cobb, J. H. and Corwin, L. and Crane, D. and Cravens, J. P. and Cronin-Hennessy, D. and Ducar, R. J. and family=Jong, given=J. K., prefix=de, useprefix=false and Devan, A. V. and Devenish, N. E. and Diwan, M. V. and Erwin, A. R. and Escobar, C. O. and Evans, J. J. and Falk, E. and Feldman, G. J. and Fields, T. H. and Ford, R. and Frohne, M. V. and Gallagher, H. R. and Garkusha, V. and Gomes, R. A. and Goodman, M. C. and Gouffon, P. and Graf, N. and Gran, R. and Grossman, N. and Grzelak, K. and Habig, A. and Hahn, S. R. and Harding, D. and Harris, D. and Harris, P. G. and Hartnell, J. and Hatcher, R. and Hays, S. and Heller, K. and Holin, A. and Huang, J. and Hylen, J. and Ibrahim, A. and Indurthy, D. and Irwin, G. M. and Isvan, Z. and Jaffe, D. E. and James, C. and Jensen, D. and Johnstone, J. and Kafka, T. and Kasahara, S. M. S. and Koizumi, G. and Kopp, S. and Kordosky, M. and Kreymer, A. and Lang, K. and Laughton, C. and Lefeuvre, G. and Ling, J. and Litchfield, P. J. and Loiacono, L. and Lucas, P. and Mann, W. A. and Marchionni, A. and Marshak, M. L. and Mayer, N. and McGivern, C. and Medeiros, M. M. and Mehdiyev, R. and Meier, J. R. and Messier, M. D. and Michael, D. G. and Milburn, R. H. and Miller, J. L. and Miller, W. H. and Mishra, S. R. and Sher, S. Moed and Moore, C. D. and Morfin, J. and Mualem, L. and Mufson, S. and Murgia, S. and Murtagh, M. and Musser, J. and Naples, D. and Nelson, J. K. and Newman, H. B. and Nichol, R. J. and Nowak, J. A. and Connor, J. O. and Oliver, W. P. and Olsen, M. and Orchanian, M. and Osprey, S. and Pahlka, R. B. and Paley, J. and Para, A. and Patterson, R. B. and Patzak, T. and Pavlovic, Z. and Pawloski, G. and Perch, A. and Peterson, E. A. and Petyt, D. A. and Pfutzner, M. M. and Phan-Budd, S. and Plunkett, R. K. and Poonthottathil, N. and Prieto, P. and Pushka, D. and Qiu, X. and Radovic, A. and Rameika, R. A. and Ratchford, J. and Rebel, B. and Reilly, R. and Rosenfeld, C. and Rubin, H. A. and Ruddick, K. and Sanchez, M. C. and Saoulidou, N. and Sauer, L. and Schneps, J. and Schoo, D. and Schreckenberger, A. and Schreiner, P. and Shanahan, P. and Sharma, R. and Smart, W. and Smith, C. and Sousa, A. and Stefanik, A. and Tagg, N. and Talaga, R. L. and Tassotto, G. and Thomas, J. and Thompson, J. and Thomson, M. A. and Tian, X. and Timmons, A. and Tinsley, D. and Tognini, S. C. and Toner, R. and Torretta, D. and Trostin, I. and Tzanakos, G. and Urheim, J. and Vahle, P. and Vaziri, K. and Villegas, E. and Viren, B. and Vogel, G. and Webber, R. C. and Weber, A. and Webb, R. C. and Wehmann, A. and White, C. and Whitehead, L. and Whitehead, L. H. and Wojcicki, S. G. and Wong-Squires, M. L. and Yang, T. and Yumiceva, F. X. and Zarucheisky, V. and Zwaska, R.},
  date = {2016-01},
  journaltitle = {Nuclear Instruments and Methods in Physics Research Section A: Accelerators, Spectrometers, Detectors and Associated Equipment},
  shortjournal = {Nuclear Instruments and Methods in Physics Research Section A: Accelerators, Spectrometers, Detectors and Associated Equipment},
  volume = {806},
  eprint = {1507.06690},
  eprinttype = {arXiv},
  eprintclass = {physics},
  pages = {279--306},
  issn = {01689002},
  doi = {10.1016/j.nima.2015.08.063},
  url = {http://arxiv.org/abs/1507.06690},
  langid = {english},
  keywords = {High Energy Physics - Experiment,Physics - Accelerator Physics}
}

@article{baartmanQuadrupoleShapes2012,
  title = {Quadrupole Shapes},
  author = {Baartman, R.},
  date = {2012-07-30},
  journaltitle = {Physical Review Special Topics - Accelerators and Beams},
  shortjournal = {Phys. Rev. ST Accel. Beams},
  volume = {15},
  number = {7},
  pages = {074002},
  publisher = {American Physical Society},
  doi = {10.1103/PhysRevSTAB.15.074002},
  url = {https://link.aps.org/doi/10.1103/PhysRevSTAB.15.074002}
}

@article{bethComplexRepresentationComputation1966,
  title = {Complex {{Representation}} and {{Computation}} of {{Two}}-{{Dimensional Magnetic Fields}}},
  author = {Beth, Richard A.},
  date = {1966-06-01},
  journaltitle = {Journal of Applied Physics},
  shortjournal = {J. Appl. Phys.},
  volume = {37},
  number = {7},
  pages = {2568--2571},
  issn = {0021-8979},
  doi = {10.1063/1.1782086},
  url = {https://doi.org/10.1063/1.1782086}
}

@article{borchardtCalculationBeamEnvelopes1988,
  title = {Calculation of Beam Envelopes in Storage Rings and Transport Systems in the Presence of Transverse Space Charge Effects and Coupling},
  author = {Borchardt, I. and Karantzoulis, E. and Mais, H. and Ripken, G.},
  date = {1988-07-01},
  journaltitle = {Zeitschrift f\"ur Physik C Particles and Fields},
  shortjournal = {Z. Phys. C - Particles and Fields},
  volume = {39},
  number = {3},
  pages = {339--349},
  issn = {1431-5858},
  doi = {10.1007/BF01548283},
  url = {https://doi.org/10.1007/BF01548283},
  langid = {english},
  keywords = {Beam Cross Section,Beam Envelope,Design Orbit,Storage Ring,Transfer Matrix}
}

@article{bruhwilerSymplecticPropagationMap,
  title = {Symplectic {{Propagation}} of the {{Map}}, {{Tangent Map}} and {{Tangent Map Derivative}} through {{Quadrupole}} and {{Combined-Function Dipole Magnets}} without {{Truncation}}},
  author = {Bruhwiler, D L and Cary, J R and Shasharina, S},
  langid = {english}
}

@article{caussynExperimentalBeamDynamics,
  title = {Experimental {{Beam Dynamics}} at the {{Third Integer Resonance}}},
  author = {Caussyn, D D and Ball, M and Brabson, B and Chao, A and Collins, J and Curtis, S and Curtis, S A and Derenchuck, V and DuPlantis, D and East, G and Ellison, M and Ellison, T and Friesel, D and Hamilton, B and Jones, W P and Lamble, W and Lee, S Y and Li, D and Minty, M G and Ng, K Y and Sloan, T and Tepikian, S},
  langid = {english}
}

@article{courantTheoryAlternatinggradientSynchrotron1958,
  title = {Theory of the Alternating-Gradient Synchrotron},
  author = {Courant, E. D and Snyder, H. S},
  date = {1958-01-01},
  journaltitle = {Annals of Physics},
  shortjournal = {Annals of Physics},
  volume = {3},
  number = {1},
  pages = {1--48},
  issn = {0003-4916},
  doi = {10.1016/0003-4916(58)90012-5},
  url = {https://www.sciencedirect.com/science/article/pii/0003491658900125},
  langid = {english}
}

@article{danilovNonlinearAcceleratorLattices2010,
  title = {Nonlinear Accelerator Lattices with One and Two Analytic Invariants},
  author = {Danilov, V. and Nagaitsev, S.},
  date = {2010-08-25},
  journaltitle = {Physical Review Special Topics - Accelerators and Beams},
  shortjournal = {Phys. Rev. ST Accel. Beams},
  volume = {13},
  number = {8},
  pages = {084002},
  issn = {1098-4402},
  doi = {10.1103/PhysRevSTAB.13.084002},
  url = {https://link.aps.org/doi/10.1103/PhysRevSTAB.13.084002},
  langid = {english}
}

@inproceedings{danilovTwoExamplesIntegrable1997,
  title = {Two Examples of Integrable Systems with Round Colliding Beams},
  booktitle = {Proceedings of the 1997 {{Particle Accelerator Conference}} ({{Cat}}. {{No}}.{{97CH36167}})},
  author = {Danilov, V.V. and Perevedentsev, E.A.},
  date = {1997-05},
  volume = {2},
  pages = {1759-1761 vol.2},
  doi = {10.1109/PAC.1997.750998},
  url = {https://ieeexplore.ieee.org/abstract/document/750998},
  eventtitle = {Proceedings of the 1997 {{Particle Accelerator Conference}} ({{Cat}}. {{No}}.{{97CH36167}})},
  keywords = {Colliding beam devices,Counting circuits,Motion analysis,Nuclear physics,Optical coupling,Particle beams,Resonance,Stability,Stochastic processes,Turning}
}

@article{darbouxProblemeMecanique1901,
  title = {Sur un Probl\'eme de M\'ecanique},
  author = {Darboux, Gaston},
  date = {1901},
  journaltitle = {Archives N\'eerlandaises des Sciences Exactes et Naturelles},
  volume = {2},
  number = {6},
  pages = {371--376},
  url = {https://www.biodiversitylibrary.org/item/157010#page/389/mode/1up},
  langid = {french}
}

@software{deniauMADXProgramUsers,
  title = {The {{MAD-X Program Users Reference Manual}}},
  author = {Deniau, Laurent and Grote, Hans and Roy, Ghislain and Schmidt, Frank},
  version = {5.08.01}
}

@article{edwardsParametrizationLinearCoupled1973,
  title = {Parametrization of {{Linear Coupled Motion}} in {{Periodic Systems}}},
  author = {Edwards, D. A. and Teng, L. C.},
  date = {1973-06},
  journaltitle = {IEEE Transactions on Nuclear Science},
  volume = {20},
  number = {3},
  pages = {885--888},
  issn = {1558-1578},
  doi = {10.1109/TNS.1973.4327279},
  url = {https://ieeexplore.ieee.org/document/4327279},
  keywords = {Apertures,Contracts,Degradation,Differential equations,Educational institutions,Laboratories,Linear accelerators,Optical coupling,Periodic structures,Synchrotrons}
}

@article{forestGeometricIntegrationParticle2006,
  title = {Geometric Integration for Particle Accelerators},
  author = {Forest, \'Etienne},
  date = {2006-05-12},
  journaltitle = {Journal of Physics A: Mathematical and General},
  shortjournal = {J. Phys. A: Math. Gen.},
  volume = {39},
  number = {19},
  pages = {5321--5377},
  issn = {0305-4470, 1361-6447},
  doi = {10.1088/0305-4470/39/19/S03},
  url = {https://iopscience.iop.org/article/10.1088/0305-4470/39/19/S03},
  langid = {english}
}

@article{forestLeadingOrderHard1988,
  title = {Leading Order Hard Edge Fringe Fields Effects Exact in (1 + {$\delta$}) and Consistent with {{Maxwell}}'s Equations for Rectilinear Magnets},
  author = {Forest, \'Etienne and Milutinovi\'c, Janko},
  date = {1988-06-20},
  journaltitle = {Nuclear Instruments and Methods in Physics Research Section A: Accelerators, Spectrometers, Detectors and Associated Equipment},
  shortjournal = {Nuclear Instruments and Methods in Physics Research Section A: Accelerators, Spectrometers, Detectors and Associated Equipment},
  volume = {269},
  number = {3},
  pages = {474--482},
  issn = {0168-9002},
  doi = {10.1016/0168-9002(88)90123-4},
  url = {https://www.sciencedirect.com/science/article/pii/0168900288901234}
}

@article{hendersonSpallationNeutronSource2014,
  title = {The {{Spallation Neutron Source}} Accelerator System Design},
  author = {Henderson, S. and Abraham, W. and Aleksandrov, A. and Allen, C. and Alonso, J. and Anderson, D. and Arenius, D. and Arthur, T. and Assadi, S. and Ayers, J. and Bach, P. and Badea, V. and Battle, R. and Beebe-Wang, J. and Bergmann, B. and Bernardin, J. and Bhatia, T. and Billen, J. and Birke, T. and Bjorklund, E. and Blaskiewicz, M. and Blind, B. and Blokland, W. and Bookwalter, V. and Borovina, D. and Bowling, S. and Bradley, J. and Brantley, C. and Brennan, J. and Brodowski, J. and Brown, S. and Brown, R. and Bruce, D. and Bultman, N. and Cameron, P. and Campisi, I. and Casagrande, F. and Catalan-Lasheras, N. and Champion, M. and Champion, M. and Chen, Z. and Cheng, D. and Cho, Y. and Christensen, K. and Chu, C. and Cleaves, J. and Connolly, R. and Cote, T. and Cousineau, S. and Crandall, K. and Creel, J. and Crofford, M. and Cull, P. and Cutler, R. and Dabney, R. and Dalesio, L. and Daly, E. and Damm, R. and Danilov, V. and Davino, D. and Davis, K. and Dawson, C. and Day, L. and Deibele, C. and Delayen, J. and DeLong, J. and Demello, A. and DeVan, W. and Digennaro, R. and Dixon, K. and Dodson, G. and Doleans, M. and Doolittle, L. and Doss, J. and Drury, M. and Elliot, T. and Ellis, S. and Error, J. and Fazekas, J. and Fedotov, A. and Feng, P. and Fischer, J. and Fox, W. and Fuja, R. and Funk, W. and Galambos, J. and Ganni, V. and Garnett, R. and Geng, X. and Gentzlinger, R. and Giannella, M. and Gibson, P. and Gillis, R. and Gioia, J. and Gordon, J. and Gough, R. and Greer, J. and Gregory, W. and Gribble, R. and Grice, W. and Gurd, D. and Gurd, P. and Guthrie, A. and Hahn, H. and Hardek, T. and Hardekopf, R. and Harrison, J. and Hatfield, D. and He, P. and Hechler, M. and Heistermann, F. and Helus, S. and Hiatt, T. and Hicks, S. and Hill, J. and Hill, J. and Hoff, L. and Hoff, M. and Hogan, J. and Holding, M. and Holik, P. and Holmes, J. and Holtkamp, N. and Hovater, C. and Howell, M. and Hseuh, H. and Huhn, A. and Hunter, T. and Ilg, T. and Jackson, J. and Jain, A. and Jason, A. and Jeon, D. and Johnson, G. and Jones, A. and Joseph, S. and Justice, A. and Kang, Y. and Kasemir, K. and Keller, R. and Kersevan, R. and Kerstiens, D. and Kesselman, M. and Kim, S. and Kneisel, P. and Kravchuk, L. and Kuneli, T. and Kurennoy, S. and Kustom, R. and Kwon, S. and Ladd, P. and Lambiase, R. and Lee, Y.Y. and Leitner, M. and Leung, K.-N. and Lewis, S. and Liaw, C. and Lionberger, C. and Lo, C.C. and Long, C. and Ludewig, H. and Ludvig, J. and Luft, P. and Lynch, M. and Ma, H. and MacGill, R. and Macha, K. and Madre, B. and Mahler, G. and Mahoney, K. and Maines, J. and Mammosser, J. and Mann, T. and Marneris, I. and Marroquin, P. and Martineau, R. and Matsumoto, K. and McCarthy, M. and McChesney, C. and McGahern, W. and McGehee, P. and Meng, W. and Merz, B. and Meyer, R. and Meyer, R. and Miller, B. and Mitchell, R. and Mize, J. and Monroy, M. and Munro, J. and Murdoch, G. and Musson, J. and Nath, S. and Nelson, R. and Nelson, R. and O׳Hara, J. and Olsen, D. and Oren, W. and Oshatz, D. and Owens, T. and Pai, C. and Papaphilippou, I. and Patterson, N. and Patterson, J. and Pearson, C. and Pelaia, T. and Pieck, M. and Piller, C. and Plawski, T. and Plum, M. and Pogge, J. and Power, J. and Powers, T. and Preble, J. and Prokop, M. and Pruyn, J. and Purcell, D. and Rank, J. and Raparia, D. and Ratti, A. and Reass, W. and Reece, K. and Rees, D. and Regan, A. and Regis, M. and Reijonen, J. and Rej, D. and Richards, D. and Richied, D. and Rode, C. and Rodriguez, W. and Rodriguez, M. and Rohlev, A. and Rose, C. and Roseberry, T. and Rowton, L. and Roybal, W. and Rust, K. and Salazer, G. and Sandberg, J. and Saunders, J. and Schenkel, T. and Schneider, W. and Schrage, D. and Schubert, J. and Severino, F. and Shafer, R. and Shea, T. and Shishlo, A. and Shoaee, H. and Sibley, C. and Sims, J. and Smee, S. and Smith, J. and Smith, K. and Spitz, R. and Staples, J. and Stein, P. and Stettler, M. and Stirbet, M. and Stockli, M. and Stone, W. and Stout, D. and Stovall, J. and Strelo, W. and Strong, H. and Sundelin, R. and Syversrud, D. and Szajbler, M. and Takeda, H. and Tallerico, P. and Tang, J. and Tanke, E. and Tepikian, S. and Thomae, R. and Thompson, D. and Thomson, D. and Thuot, M. and Treml, C. and Tsoupas, N. and Tuozzolo, J. and Tuzel, W. and Vassioutchenko, A. and Virostek, S. and Wallig, J. and Wanderer, P. and Wang, Y. and Wang, J.G. and Wangler, T. and Warren, D. and Wei, J. and Weiss, D. and Welton, R. and Weng, J. and Weng, W-T. and Wezensky, M. and White, M. and Whitlatch, T. and Williams, D. and Williams, E. and Wilson, K. and Wiseman, M. and Wood, R. and Wright, P. and Wu, A. and Ybarrolaza, N. and Young, K. and Young, L. and Yourd, R. and Zachoszcz, A. and Zaltsman, A. and Zhang, S. and Zhang, W. and Zhang, Y. and Zhukov, A.},
  date = {2014-11},
  journaltitle = {Nuclear Instruments and Methods in Physics Research Section A: Accelerators, Spectrometers, Detectors and Associated Equipment},
  shortjournal = {Nuclear Instruments and Methods in Physics Research Section A: Accelerators, Spectrometers, Detectors and Associated Equipment},
  volume = {763},
  pages = {610--673},
  issn = {01689002},
  doi = {10.1016/j.nima.2014.03.067},
  url = {https://linkinghub.elsevier.com/retrieve/pii/S0168900214003817},
  langid = {english}
}

@article{hietarintaDirectMethodsSearch1987,
  title = {Direct Methods for the Search of the Second Invariant},
  author = {Hietarinta, Jarmo},
  date = {1987-03-01},
  journaltitle = {Physics Reports},
  shortjournal = {Physics Reports},
  volume = {147},
  number = {2},
  pages = {87--154},
  issn = {0370-1573},
  doi = {10.1016/0370-1573(87)90089-5},
  url = {https://www.sciencedirect.com/science/article/pii/0370157387900895},
  langid = {english}
}

@article{hueblNextGenerationComputational2022,
  title = {Next {{Generation Computational Tools}} for the {{Modeling}} and {{Design}} of {{Particle Accelerators}} at {{Exascale}}},
  author = {Huebl, Axel and Lehe, Remi and Mitchell, Chad E. and Qiang, Ji and Ryne, Robert D. and Sandberg, Ryan T. and Vay, Jean-Luc},
  date = {2022},
  journaltitle = {Proceedings of the 5th North American Particle Accelerator Conference},
  volume = {NAPAC2022},
  eprint = {2208.02382},
  eprinttype = {arXiv},
  eprintclass = {physics},
  pages = {5 pages, 0.729 MB},
  issn = {2673-7000},
  doi = {10.18429/JACoW-NAPAC2022-TUYE2},
  url = {http://arxiv.org/abs/2208.02382},
  keywords = {Computer Science - Distributed Parallel and Cluster Computing,Physics - Accelerator Physics}
}

@book{joseClassicalDynamicsContemporary1998,
  title = {Classical {{Dynamics}}: {{A Contemporary Approach}}},
  shorttitle = {Classical {{Dynamics}}},
  author = {Jos\'e, Jorge V. and Saletan, Eugene J.},
  date = {1998-08-13},
  eprint = {Eql9dRQDgvQC},
  eprinttype = {googlebooks},
  publisher = {Cambridge University Press},
  isbn = {978-0-521-63636-0},
  langid = {english},
  pagetotal = {702},
  keywords = {Science / Mechanics / Dynamics,Science / Mechanics / Fluids,Science / Mechanics / General,SCIENCE / Mechanics / Solids,Science / Physics / General}
}

@book{leeAcceleratorPhysics2018,
  title = {Accelerator {{Physics}}},
  author = {Lee, S. Y.},
  date = {2018},
  edition = {4},
  publisher = {World Scientific Publishing Company},
  isbn = {978-981-327-467-9}
}

@report{mcmillanThoughtsStabilityNonlinear1967,
  title = {Some {{Thoughts}} on {{Stability}} in {{Nonlinear Periodic Focusing Systems}}},
  author = {McMillan, Edwin M},
  date = {1967-09-05},
  number = {UCRL-17795},
  institution = {Lawrence Radiation Laboratory},
  langid = {english}
}

@article{mitchellBifurcationAnalysisNonlinear2020,
  title = {Bifurcation Analysis of Nonlinear {{Hamiltonian}} Dynamics in the {{Fermilab Integrable Optics Test Accelerator}}},
  author = {Mitchell, Chad E. and Ryne, Robert D. and Hwang, Kilean},
  date = {2020-06-15},
  journaltitle = {Physical Review Accelerators and Beams},
  shortjournal = {Phys. Rev. Accel. Beams},
  volume = {23},
  number = {6},
  pages = {064002},
  publisher = {American Physical Society},
  doi = {10.1103/PhysRevAccelBeams.23.064002},
  url = {https://link.aps.org/doi/10.1103/PhysRevAccelBeams.23.064002}
}

@online{mitchellComplexRepresentationPotentials2019,
  title = {Complex {{Representation}} of {{Potentials}} and {{Fields}} for the {{Nonlinear Magnetic Insert}} of the {{Integrable Optics Test Accelerator}}},
  author = {Mitchell, Chad},
  date = {2019-07-31},
  eprint = {1908.00036},
  eprinttype = {arXiv},
  eprintclass = {physics},
  doi = {10.48550/arXiv.1908.00036},
  url = {http://arxiv.org/abs/1908.00036},
  pubstate = {prepublished},
  keywords = {Physics - Accelerator Physics}
}

@article{moserSolarSystemStable1978,
  title = {Is the Solar System Stable?},
  author = {Moser, J\"urgen},
  date = {1978-06-01},
  journaltitle = {The Mathematical Intelligencer},
  shortjournal = {The Mathematical Intelligencer},
  volume = {1},
  number = {2},
  pages = {65--71},
  issn = {0343-6993},
  doi = {10.1007/BF03023062},
  url = {https://doi.org/10.1007/BF03023062},
  langid = {english},
  keywords = {Body Problem,Circular Orbit,Periodic Orbit,Solar System,Storage Ring}
}

@online{vanweldeReviewCoupledBetatron2022,
  title = {Review of Coupled Betatron Motion Parametrizations and Applications to Strongly Coupled Lattices},
  author = {Vanwelde, Marion and Hernalsteens, C\'edric and Bogacz, S. Alex and Machida, Shinji and Pauly, Nicolas},
  date = {2022-10-31},
  eprint = {2210.11866},
  eprinttype = {arXiv},
  eprintclass = {physics},
  doi = {10.48550/arXiv.2210.11866},
  url = {http://arxiv.org/abs/2210.11866},
  pubstate = {prepublished},
  keywords = {Physics - Accelerator Physics}
}

@book{wolskiBeamDynamicsHigh2014,
  title = {Beam {{Dynamics In High Energy Particle Accelerators}}},
  author = {Wolski, Andrzej},
  date = {2014-01-21},
  eprint = {8c63CgAAQBAJ},
  eprinttype = {googlebooks},
  publisher = {World Scientific},
  isbn = {978-1-78326-279-3},
  langid = {english},
  pagetotal = {606},
  keywords = {Science / Applied Sciences,Science / Physics / General,Science / Physics / Mathematical & Computational,Science / Scientific Instruments}
}

@article{yoshidaConstructionHigherOrder1990,
  title = {Construction of Higher Order Symplectic Integrators},
  author = {Yoshida, Haruo},
  date = {1990-11-12},
  journaltitle = {Physics Letters A},
  shortjournal = {Physics Letters A},
  volume = {150},
  number = {5},
  pages = {262--268},
  issn = {0375-9601},
  doi = {10.1016/0375-9601(90)90092-3},
  url = {https://www.sciencedirect.com/science/article/pii/0375960190900923}
}

@article{zolkinSectorMagnetsTransverse2017,
  title = {Sector Magnets or Transverse Electromagnetic Fields in Cylindrical Coordinates},
  author = {Zolkin, T.},
  date = {2017},
  journaltitle = {Physical Review Accelerators and Beams},
  shortjournal = {Phys. Rev. Accel. Beams},
  volume = {20},
  number = {4},
  doi = {10.1103/PhysRevAccelBeams.20.043501}
}
