@article{bartoliniAlgorithmsPreciseDetermination1996,
  title = {Algorithms for a {{Precise Determination}} of the {{Betatron Tune}}},
  author = {Bartolini, R and Bazzani, A and Giovannozzi, Massimo and Todesco, Ezio and Scandale, Walter},
  date = {1996},
  url = {https://cds.cern.ch/record/309235}
}

@article{bartoliniTuneEvaluationSimulations1996,
  title = {Tune Evaluation in Simulations and Experiments},
  author = {Bartolini, R and Bazzani, A and Giovannozzi, Massimo and Scandale, Walter and Todesco, Ezio},
  date = {1996},
  journaltitle = {Part. Accel.},
  volume = {52},
  number = {3--4},
  pages = {147--177},
  url = {http://cds.cern.ch/record/292773}
}

@software{cernomcteamPyLHC,
  title = {{{PyLHC}}},
  author = {{CERN OMC Team}},
  location = {CERN},
  url = {https://github.com/pylhc}
}

@article{jacobsenLocalInterpolationDFT,
  title = {On {{Local Interpolation}} of {{DFT Outputs}}},
  author = {Jacobsen, Eric},
  url = {http://www.ericjacobsen.org/FTinterp.pdf},
  langid = {english}
}

@article{langnerOpticsMeasurementAlgorithms2015,
  title = {Optics Measurement Algorithms and Error Analysis for the Proton Energy Frontier},
  author = {Langner, A. and Tom\'as, R.},
  date = {2015-03-03},
  journaltitle = {Physical Review Special Topics - Accelerators and Beams},
  shortjournal = {Phys. Rev. ST Accel. Beams},
  volume = {18},
  number = {3},
  pages = {031002},
  publisher = {American Physical Society},
  doi = {10.1103/PhysRevSTAB.18.031002},
  url = {https://link.aps.org/doi/10.1103/PhysRevSTAB.18.031002}
}

@article{laskarMeasureChaosNumerical1992,
  title = {The Measure of Chaos by the Numerical Analysis of the Fundamental Frequencies. {{Application}} to the Standard Mapping},
  author = {Laskar, Jacques and Froeschl\'e, Claude and Celletti, Alessandra},
  date = {1992-05-01},
  journaltitle = {Physica D: Nonlinear Phenomena},
  shortjournal = {Physica D: Nonlinear Phenomena},
  volume = {56},
  number = {2},
  pages = {253--269},
  issn = {0167-2789},
  doi = {10.1016/0167-2789(92)90028-L},
  url = {https://www.sciencedirect.com/science/article/pii/016727899290028L}
}

@article{nagaitsevBetatronFrequencyPoincare2020,
  title = {Betatron Frequency and the {{Poincar}}\textbackslash 'e Rotation Number},
  author = {Nagaitsev, Sergei and Zolkin, Timofey},
  date = {2020-05-08},
  journaltitle = {Physical Review Accelerators and Beams},
  shortjournal = {Phys. Rev. Accel. Beams},
  volume = {23},
  number = {5},
  pages = {054001},
  publisher = {American Physical Society},
  doi = {10.1103/PhysRevAccelBeams.23.054001},
  url = {https://link.aps.org/doi/10.1103/PhysRevAccelBeams.23.054001}
}

@online{nagaitsevNonlinearOpticsPath2012,
  title = {Nonlinear Optics as a Path to High-Intensity Circular Machines},
  author = {Nagaitsev, Sergei and Valishev, A. and Danilov, V.},
  date = {2012-07-23},
  eprint = {1207.5529},
  eprinttype = {arXiv},
  eprintclass = {physics},
  doi = {10.48550/arXiv.1207.5529},
  url = {http://arxiv.org/abs/1207.5529},
  pubstate = {prepublished},
  keywords = {Physics - Accelerator Physics}
}

@software{newvilleLMFITNonLinearLeastSquares2025,
  title = {{{LMFIT}}: {{Non-Linear Least-Squares Minimization}} and {{Curve-Fitting}} for {{Python}}},
  shorttitle = {{{LMFIT}}},
  author = {Newville, Matthew and Otten, Renee and Nelson, Andrew and Stensitzki, Till and Ingargiola, Antonino and Allan, Daniel and Fox, Austin and Carter, Faustin and Rawlik, Michal},
  date = {2025-07-19},
  doi = {10.5281/zenodo.16175987},
  url = {https://zenodo.org/records/16175987},
  organization = {Zenodo}
}

@book{whittakerCalculusObservations1924,
  title = {The {{Calculus Of Observations}}},
  author = {Whittaker, E. T. and Robinson, G.},
  namea = {{Osmania University} and {Digital Library Of India}},
  nameatype = {collaborator},
  date = {1924},
  publisher = {Blackie And Son Limited},
  url = {http://archive.org/details/calculusofobserv031400mbp},
  langid = {english},
  pagetotal = {416},
  keywords = {NATURAL SCIENCES}
}


@software{zisopoulosPZisoPyNAFF2023,
  title = {{{PZiso}}/{{PyNAFF}}},
  author = {Zisopoulos, Panos},
  date = {2023-06-30T08:41:04Z},
  origdate = {2018-08-08T08:44:05Z},
  url = {https://github.com/PZiso/PyNAFF}
}

@article{zisopoulosRefinedBetatronTune2019,
  title = {Refined Betatron Tune Measurements by Mixing Beam Position Data},
  author = {Zisopoulos, P. and Papaphilippou, Y. and Laskar, J.},
  date = {2019-07-08},
  journaltitle = {Physical Review Accelerators and Beams},
  shortjournal = {Phys. Rev. Accel. Beams},
  volume = {22},
  number = {7},
  pages = {071002},
  issn = {2469-9888},
  doi = {10.1103/PhysRevAccelBeams.22.071002},
  url = {https://link.aps.org/doi/10.1103/PhysRevAccelBeams.22.071002},
  langid = {english}
}
