@article{antipovIOTAIntegrableOptics2017,
  title = {{{IOTA}} ({{Integrable Optics Test Accelerator}}): Facility and Experimental Beam Physics Program},
  shorttitle = {{{IOTA}} ({{Integrable Optics Test Accelerator}})},
  author = {Antipov, S. and Broemmelsiek, D. and Bruhwiler, D. and Edstrom, D. and Harms, E. and Lebedev, V. and Leibfritz, J. and Nagaitsev, S. and Park, C. S. and Piekarz, H. and Piot, P. and Prebys, E. and Romanov, A. and Ruan, J. and Sen, T. and Stancari, G. and Thangaraj, C. and Thurman-Keup, R. and Valishev, A. and Shiltsev, V.},
  date = {2017-03},
  journaltitle = {Journal of Instrumentation},
  shortjournal = {J. Inst.},
  volume = {12},
  number = {03},
  pages = {T03002},
  issn = {1748-0221},
  doi = {10.1088/1748-0221/12/03/T03002},
  url = {https://dx.doi.org/10.1088/1748-0221/12/03/T03002},
  langid = {english}
}

@online{antipovStriplineKickerIntegrable2016,
  title = {Stripline Kicker for Integrable Optics Test Accelerator},
  author = {Antipov, Sergey A. and Didenko, Alexander and Lebedev, Valeri and Valishev, Alexander},
  date = {2016-06-30},
  eprint = {1607.00023},
  eprinttype = {arXiv},
  eprintclass = {physics},
  doi = {10.48550/arXiv.1607.00023},
  url = {http://arxiv.org/abs/1607.00023},
  pubstate = {prepublished},
  keywords = {Physics - Accelerator Physics}
}

@article{broemmelsiekRecordHighgradientSRF2018,
  title = {Record High-Gradient {{SRF}} Beam Acceleration at {{Fermilab}}},
  author = {Broemmelsiek, D and Chase, B and Edstrom, D and Harms, E and Leibfritz, J and Nagaitsev, S and Pischalnikov, Y and Romanov, A and Ruan, J and Schappert, W and Shiltsev, V and Thurman-Keup, R and Valishev, A},
  date = {2018-11},
  journaltitle = {New Journal of Physics},
  shortjournal = {New J. Phys.},
  volume = {20},
  number = {11},
  pages = {113018},
  publisher = {IOP Publishing},
  issn = {1367-2630},
  doi = {10.1088/1367-2630/aaec57},
  url = {https://doi.org/10.1088/1367-2630/aaec57},
  langid = {english}
}

@inproceedings{churchPlans750MeV2007,
  title = {Plans for a 750 {{MeV}} Electron Beam Test Facility at {{Fermilab}}},
  booktitle = {2007 {{IEEE Particle Accelerator Conference}} ({{PAC}})},
  author = {Church, M. and Nagaitsev, S. and Piot, P.},
  date = {2007-06},
  pages = {2942--2944},
  issn = {2152-9582},
  doi = {10.1109/PAC.2007.4440628},
  url = {https://ieeexplore.ieee.org/document/4440628},
  eventtitle = {2007 {{IEEE Particle Accelerator Conference}} ({{PAC}})},
  keywords = {Acceleration,Buildings,Electron beams,Laboratories,Particle beams,Physics,Radio frequency,Structural beams,Test facilities,Testing}
}

@article{croppFASTLowEnergyBeamline2023,
  title = {{{FAST Low-Energy Beamline Studies}}: {{Toward High-Peak 5D Brightness Beams}} for {{FAST-GREENS}}},
  shorttitle = {{{FAST Low-Energy Beamline Studies}}},
  author = {Cropp, Frederick and Ruan, Jinhao and Santucci, James and MacLean, Daniel and Lumpkin, Alex H. and Hall, Christopher C. and Edelen, Jonathan P. and Murokh, Alex and Broemmelsiek, Daniel and Musumeci, Pietro},
  date = {2023-12},
  journaltitle = {Instruments},
  volume = {7},
  number = {4},
  pages = {42},
  publisher = {Multidisciplinary Digital Publishing Institute},
  issn = {2410-390X},
  doi = {10.3390/instruments7040042},
  url = {https://www.mdpi.com/2410-390X/7/4/42},
  langid = {english},
  keywords = {accelerator modeling,high-brightness beams,particle tracking simulation}
}

@inproceedings{eddyBeamInstrumentationFermilab2019,
  title = {Beam {{Instrumentation}} at the {{Fermilab IOTA Ring}}},
  booktitle = {Proceedings of the 8th {{International Beam Instrumentation Conference}}},
  author = {Eddy, Nathan and Broemmelsiek, Daniel and Carlson, Kermit and Crawford, Darren and Diamond, John and Edstrom, Dean and Fellenz, Brian and Ibrahim, Michelle and Jarvis, Jonathan and Kuklev, Nikita and Lebedev, Valeri and Lobach, Ihar and Nagaitsev, Sergei and Ruan, Jinhao and Santucci, James and Semenov, Alexei and Shiltsev, Vladimir and Stancari, Giulio and Szustkowski, Sebastian and Valishev, Alexander and Voy, Duane and Warner, Arden},
  namea = {RW (Ed.), Volker, Schaa and Andreas (Ed.), Jansson and Thomas (Ed.), Shea and Johan (Ed.), Olander},
  nameatype = {collaborator},
  date = {2019},
  volume = {IBIC2019},
  pages = {7 pages, 3.187 MB},
  publisher = {[object Object]},
  doi = {10.18429/JACOW-IBIC2019-MOBO02},
  url = {http://jacow.org/ibic2019/doi/JACoW-IBIC2019-MOBO02.html},
  eventtitle = {International {{Beam Instrumentation Conference}}},
  isbn = {9783954502042},
  langid = {english},
  keywords = {Accelerator Physics,Overview commissioning and lessons learned}
}

@inproceedings{edstromIOTAProtonInjector2023,
  title = {{{IOTA Proton Injector Beamline Installation}}},
  booktitle = {{{IOTA Proton Injector Beamline Installation}}*},
  author = {Edstrom, D. and Broemmelsiek, D. and Carlson, K. and Carneiro, J.-P. and Piekarz, H. and Romanov, A. and Shemya-kin, A. and Valishev, A.},
  date = {2023-05-05},
  publisher = {US DOE},
  doi = {10.2172/1973433},
  url = {https://www.osti.gov/servlets/purl/1973433/},
  eventtitle = {{{IOTA Proton Injector Beamline Installation}}*},
  langid = {english}
}

@article{handMagneticQuadrupoleRectangular1959,
  title = {Magnetic {{Quadrupole}} with {{Rectangular Aperture}}},
  author = {Hand, L. N. and Panofsky, W. K. H.},
  date = {1959-10-01},
  journaltitle = {Review of Scientific Instruments},
  shortjournal = {Rev. Sci. Instrum.},
  volume = {30},
  number = {10},
  pages = {927--930},
  issn = {0034-6748},
  doi = {10.1063/1.1716386},
  url = {https://doi.org/10.1063/1.1716386}
}

@online{kladovNearInfraredNoiseIntense2025,
  title = {Near-{{Infrared}} Noise in Intense Electron Bunches},
  author = {Kladov, Sergei and Nagaitsev, Sergei and Lumpkin, Alex H. and Ruan, Jinhao and Thurman-Keup, Randy M. and Saewert, Andrea and Huang, Zhirong and Kim, Young-Kee and Broemmelsiek, Daniel R. and Jarvis, Jonathan},
  date = {2025-02-10},
  eprint = {2412.13482},
  eprinttype = {arXiv},
  eprintclass = {physics},
  doi = {10.48550/arXiv.2412.13482},
  url = {http://arxiv.org/abs/2412.13482},
  pubstate = {prepublished},
  keywords = {Physics - Accelerator Physics}
}

@patent{lambertsonChargedParticleExtracting1967,
  type = {patentus},
  title = {Charged Particle Extracting Magnet for an Accelerator},
  author = {Lambertson, Glen R.},
  holder = {{Individual}},
  date = {1967-05-30},
  number = {3323088A},
  url = {https://patents.google.com/patent/US3323088/en},
  keywords = {accelerator,channel,magnet,orbit,septum}
}

@inproceedings{mcnevinMechanicalDesignManufacturing2016,
  title = {Mechanical {{Design}} and {{Manufacturing}} of a {{Two Meter Precision Non-Linear Magnet System}}},
  author = {McNevin, J D and Agustsson, R B and O'Shea, F H},
  date = {2016},
  eventtitle = {North {{American Particle Accelerator Conference}}},
  langid = {english}
}

@online{mitchellComplexRepresentationPotentials2019,
  title = {Complex {{Representation}} of {{Potentials}} and {{Fields}} for the {{Nonlinear Magnetic Insert}} of the {{Integrable Optics Test Accelerator}}},
  author = {Mitchell, Chad},
  date = {2019-07-31},
  eprint = {1908.00036},
  eprinttype = {arXiv},
  eprintclass = {physics},
  doi = {10.48550/arXiv.1908.00036},
  url = {http://arxiv.org/abs/1908.00036},
  pubstate = {prepublished},
  keywords = {Physics - Accelerator Physics}
}

@inproceedings{osheaMeasurementNonLinearInsert2013,
  title = {Measurement of {{Non-Linear Insert Magnets}}},
  author = {O'Shea, F H and Agustsson, R B and Murokh, A Y and Spranza, E},
  date = {2013},
  location = {Pasadena, CA},
  eventtitle = {Particle {{Accelerator Conference}}},
  langid = {english}
}

@article{osheaNonLinearInsertsIOTA2017,
  title = {Non-{{Linear Inserts}} for the {{IOTA Ring}}},
  author = {O'Shea, F H and Agustsson, R B and Chang, P S and Chen, Y C},
  date = {2017},
  langid = {english}
}

@article{osheaNonlinearMagneticInserts2015,
  title = {Non-Linear {{Magnetic Inserts}} for the {{Integrable Optics Test Accelerator}}},
  author = {O'Shea, Finn and Agustsson, Ronald and Chen, Yung-Chuan and Martin, David and McNevin, Jacob and Spranza, Edward},
  namea = {Stuart (Ed.), Henderson and Evelyn (Ed.), Akers and Todd (Ed.), Satogata and R.W. (Ed.), Volker, Schaa},
  nameatype = {collaborator},
  date = {2015},
  journaltitle = {Proceedings of the 6th Int. Particle Accelerator Conf.},
  volume = {IPAC2015},
  pages = {4 pages, 0.587 MB},
  publisher = {JACoW, Geneva, Switzerland},
  doi = {10.18429/JACOW-IPAC2015-MOPMN010},
  url = {http://jacow.org/ipac2015/doi/JACoW-IPAC2015-MOPMN010.html},
  isbn = {9783954501687},
  langid = {english},
  keywords = {5: Beam Dynamics and EM Fields,Accelerator Physics}
}

@article{reiterStatisticalTreatmentBeam2018,
  title = {Statistical {{Treatment}} of {{Beam Position Monitor Data}}},
  author = {Reiter, Andreas and Singh, Rahul and Chorniy, Oleksandr},
  date = {2018-05},
  journaltitle = {Nuclear Instruments and Methods in Physics Research Section A: Accelerators, Spectrometers, Detectors and Associated Equipment},
  shortjournal = {Nuclear Instruments and Methods in Physics Research Section A: Accelerators, Spectrometers, Detectors and Associated Equipment},
  volume = {890},
  eprint = {1609.01332},
  eprinttype = {arXiv},
  eprintclass = {physics},
  pages = {18--27},
  issn = {01689002},
  doi = {10.1016/j.nima.2018.02.046},
  url = {http://arxiv.org/abs/1609.01332},
  keywords = {Physics - Instrumentation and Detectors}
}

@article{romanovLatticeCorrectionModeling2014,
  title = {Lattice {{Correction Modeling}} for {{Fermilab IOTA Ring}}},
  author = {Romanov, Alexander and Kafka, Gene and Nagaitsev, Sergei and Valishev, Alexander},
  namea = {Christine (Ed.), Petit-Jean-Genaz and Gianluigi (Ed.), Arduini and Peter (Ed.), Michel and RW (Ed.), Volker, Schaa},
  nameatype = {collaborator},
  date = {2014},
  journaltitle = {Proceedings of the 5th Int. Particle Accelerator Conf.},
  volume = {IPAC2014},
  pages = {3 pages, 0.447 MB},
  publisher = {JACoW, Geneva, Switzerland},
  doi = {10.18429/JACOW-IPAC2014-TUPRO058},
  url = {http://jacow.org/IPAC2014/doi/JACoW-IPAC2014-TUPRO058.html},
  isbn = {9783954501328},
  langid = {english},
  keywords = {05 Beam Dynamics and Electromagnetic Fields,Accelerator Physics,D01 Beam Optics - Lattices Correction Schemes Transport}
}

@article{shatunovProjectNewElectronPositron,
  title = {Project of a {{New Electron-Positron Collider VEPP-2000}}},
  author = {Shatunov, Yu M and Evstigneev, A V and Ganyushin, D I and Ivanov, P M and Koop, I A and Kuzminykh, V S and Lysenko, A P and Mezentsev, N A and Mityanina, N V and Nesterenko, I N and Otboev, A V and Perevedentsev, E A and Petrov, V M and Schwartz, D B and Shatunov, P Yu and Skrinsky, A N and Valishev, A A and Volkov, V N},
  langid = {english}
}

@article{stancariUndulatorRadiationSingle2024,
  title = {Undulator Radiation of Single Electrons: Coherence Length and Quantum-Optical Properties},
  shorttitle = {Undulator Radiation of Single Electrons},
  author = {Stancari, Giulio and Shemyakin, Alexander and Jarvis, Jonathan and Lobach, Ihar and Nagaitsev, Sergei and Romanov, Alexander and Valishev, Alexander},
  date = {2024-07-01},
  journaltitle = {JACoW},
  volume = {IPAC2024},
  number = {FERMILAB-CONF-24-0228-AD},
  publisher = {Argonne National Laboratory (ANL), Argonne, IL (United States); Fermi National Accelerator Laboratory (FNAL), Batavia, IL (United States)},
  doi = {10.18429/JACoW-IPAC2024-MOPG06},
  url = {https://www.osti.gov/biblio/2446917},
  langid = {english}
}

@thesis{tamCharacterizationProtonIon2010,
  type = {phdthesis},
  title = {Characterization of the Proton Ion Source Beam for the High Intensity Neutrino Source at {{Fermilab}}},
  author = {Tam, Wai-Ming},
  date = {2010-01-01},
  url = {https://ui.adsabs.harvard.edu/abs/2010PhDT........14T},
  keywords = {Elementary Particles and High Energy,Physics},
  annotation = {ADS Bibcode: 2010PhDT........14T}
}

@online{webbChromaticDispersiveEffects2015,
  title = {Chromatic and {{Dispersive Effects}} in {{Nonlinear Integrable Optics}}},
  author = {Webb, Stephen D. and Bruhwiler, David L. and Valishev, Alexander and Nagaitsev, Sergei N. and Danilov, Viatcheslav V.},
  date = {2015-05-18},
  eprint = {1504.05981},
  eprinttype = {arXiv},
  eprintclass = {nlin, physics:physics},
  doi = {10.48550/arXiv.1504.05981},
  url = {http://arxiv.org/abs/1504.05981},
  pubstate = {prepublished},
  keywords = {Nonlinear Sciences - Exactly Solvable and Integrable Systems,Physics - Accelerator Physics}
}

@article{webberOverviewHighIntensity,
  title = {Overview of the {{High Intensity Neutrino Source Linac R}}\&{{D Program}} at {{Fermilab}}},
  author = {Webber, R C and Apollinari, G},
  langid = {english}
}
