
@article{danilov_nonlinear_2010,
	title = {Nonlinear accelerator lattices with one and two analytic invariants},
	volume = {13},
	issn = {1098-4402},
	url = {https://link.aps.org/doi/10.1103/PhysRevSTAB.13.084002},
	doi = {10.1103/PhysRevSTAB.13.084002},
	language = {en},
	number = {8},
	urldate = {2023-04-06},
	journal = {Physical Review Special Topics - Accelerators and Beams},
	author = {Danilov, V. and Nagaitsev, S.},
	month = aug,
	year = {2010},
	pages = {084002},
	file = {Full Text:C\:\\Users\\John\\Zotero\\storage\\LXEVTMCQ\\Danilov and Nagaitsev - 2010 - Nonlinear accelerator lattices with one and two an.pdf:application/pdf},
}
